<record><leader>00000cas a22000007a 4500</leader><controlfield tag="001">16171943</controlfield><controlfield tag="008">870714d18931894msuwr ne      0    0eng d</controlfield><datafield ind1=" " ind2=" " tag="010"><subfield code="a">sn 87065537 </subfield></datafield><datafield ind1=" " ind2=" " tag="040"><subfield code="a">MJA</subfield><subfield code="b">eng</subfield><subfield code="c">MJA</subfield><subfield code="d">MSJ</subfield><subfield code="d">OCLCQ</subfield></datafield><datafield ind1=" " ind2=" " tag="042"><subfield code="a">msc</subfield></datafield><datafield ind1="0" ind2="4" tag="245"><subfield code="a">The Coast news.</subfield></datafield><datafield ind1=" " ind2=" " tag="260"><subfield code="a">Pass Christian, Miss. :</subfield><subfield code="b">May &amp; Thornton,</subfield><subfield code="c">1893-1894.</subfield></datafield><datafield ind1=" " ind2=" " tag="310"><subfield code="a">Weekly</subfield></datafield><datafield ind1="0" ind2=" " tag="362"><subfield code="a">Vol. 1, no. 1 (Nov. 9, 1893)-v. 1, no. 48 (Oct. 4, 1894).</subfield></datafield><datafield ind1=" " ind2=" " tag="580"><subfield code="a">Issued also in a daily ed. called: Daily coast news.</subfield></datafield><datafield ind1=" " ind2=" " tag="752"><subfield code="a">United States</subfield><subfield code="b">Mississippi</subfield><subfield code="c">Harrison</subfield><subfield code="d">Pass Christian.</subfield></datafield><datafield ind1="1" ind2=" " tag="775"><subfield code="t">Daily coast news</subfield><subfield code="w">(OCoLC)16171983</subfield></datafield></record>